\begin{thebibliography}{00}


@misc{a2020_anvndning,
  author = {{PTS}},
  title = {Rapport: Anv√§ndning av internet och telefoni i Sverige},
  howpublished = {\url{https://www.pts.se/globalassets/startpage/dokument/icke-legala-dokument/rapporter/2020/telefoni/anvandning-av-internet-och-telefoni-i-sverige-2019.pdf}},
  year = {2020},
  month = {July 29},
}

@misc{efoui2019climate,
  title = {Climate crisis: The unsustainable use of online video},
  author = {{Efoui-Hess, Maxime}},
  howpublished = {\url{https://theshiftproject.org/wp-content/uploads/2019/07/2019-02.pdf}},
  year = {2019},
institution={The Shift Project}
}

@mastersthesis{chimariya2018streaming,
  title={Streaming Data Analytics: Background, Technologies, and Outlook},
  author={Chimariya, Adesh},
  year={2018},
  url={http://jultika.oulu.fi/files/nbnfioulu-201809072762.pdf},
  school={University of Oulu}
}

@misc{kamiya2020carbon,
  title={The Carbon Footprint of Streaming Video: Fact-Checking the Headlines},
  author={IEA: International Energy Agency},
  year={2021},
  note = "https://www.iea.org/commentaries/the-carbon-footprint-of-streaming-video-fact-checking-the-headlines; Accessed 2024-02-27"
}

IEA (2020), The carbon footprint of streaming video: fact-checking the headlines, 
IEA, Paris https://www.iea.org/commentaries/the-carbon-footprint-of-streaming-video-fact-checking-the-headlines


% -------------------------------------
Evaluation
% -------------------------------------
@misc{medienanstalten2020,
    author = {Die Mdienanstalten}, 
    year = {2020},
    title = {Share of TV households with an internet-enabled television set (smart TV) in Germany from 2013 to 2020},
    url = {https://www.statista.com/statistics/467286/smart-tv-penetration-germany/},
    urldate = {2022-02-27}
}

@misc{jetbrains2023,
    author = {Jetbrains},
    title = {The State of Developer Ecosystem 2023},
    note = "https://www.jetbrains.com/lp/devecosystem-2023/; Accessed 2024-02-27",
}

@misc{Radixweb2023,
  author = {Radixweb},
  title = {Node.js Usage Statistics: An In-depth Dive into its Popularity},
  year = {2023},
  note = "https://radixweb.com/blog/nodejs-usage-statistics; Accessed 2024-02-27",
}

@misc{Bytebase2023,
  author = {Bytebase},
  title = {Postgres vs MySQL: A Comparison of the Popular Database Management Systems},
  year = {2023},
  note = "https://www.bytebase.com/blog/postgres-vs-mysql/; Accessed 2024-02-27",
}

@misc{StackOverflow2023,
  author = {{Stack Overflow}},
  title = {Stack Overflow Developer Survey 2023},
  year = {2023},
  note = "https://survey.stackoverflow.co/2023/; Accessed 2024-02-27",
}
